@article{
    item1,
    authors = { us and me },
    keywords = { none, keyw, cars }
}

@book{
    sak1,
    authors = { me and I },
    keywords = { none }
}
