@article{
    Niebecker,
    author = { R. Niebecker and M. O. Karlsson },
    title = "Are datasets for NLME models large enough for a bootstrap to provide reliable parameter uncertainty distributions?",
    journal = "PAGE 22 (2013) Abstr 2899",
    year = "2013",
    howpublished = "www.page-meeting.org/?abstract=2899",
}

@book{
    Efron,
    author = { B. Efron },
    title = "An Introduction to the Bootstrap",
    publisher = "Chap. \& Hall",
    address = "London UK",
    year = "1993"
}

@article{
    Karlsson,
    author = { M. O. Karlsson },
    title = "A full model approach based on the covariance matrix of parameters and covariates",
    journal = "PAGE 21 (2012) Abstr 2455",
    year = "2012",
    howpublished = "www.page-meeting.org/?abstract=2455"
}

@article{
    Ivaturi,
    author = { V. Ivaturi and R. Keizer and M. O. Karlsson },
    title = "A Full Random Effects Model for Characterising Covariate Relations",
    journal = "WCOP (2012) Abstract W-152",
    year = "2012"
}

@article{
    Yun,
    author = { H. Yun and R. Niebecker and E. M. Svensson and M. O. Karlsson },
    title = "Evaluation of FREM and FFEM including use of model linearization",
    journal = "PAGE 22 (2013) Abstr 2900",
    year = "2013",
    howpublished = "www.page-meeting.org/?abstract=2900"
}

@article{
    Ribbing,
    author = { Jakob Ribbing and Joakim Nyberg and Ola Caster and E. Niclas Jonsson },
    title = "The lasso—a novel method for predictive covariate model building in nonlinear mixed effects models",
    journal = "C. J Pharmacokinet Pharmacodyn (2007) 34:485–51",
    year = "2007"
}

@article{
    Svensson,
    author = { E. M. Svensson and M. O. Karlsson },
    title = "Use of a linearization approximation facilitating stochastic model building",
    journal = "J PKPD. 2014, 41:153-158",
    year = "2014"
}

@article{
    Khandelwal,
    author = { A. Khandelwal and K. Harling and E. N. Jonsson and A. C. Hooker and M. O. Karlsson },
    title = "A fast method for testing covariates in population PK/PD Models",
    journal = "AAPS J. 2011 Sep;13(3):464-72",
    year = "2011"
} 

@article{
    Vong,
    author = { Camille Vong and Martin Bergstrand and Joakim Nyberg and Mats O. Karlsson },
    title = "Rapid sample size calculations for a defined likelihood ratio test-based power in mixed effects models",
    journal = "AAPS J. 2012 Jun; 14(2): 176–186",
    year = "2012"
} 

@article{
    Johansson1,
    author = { Å. Johansson and M. O. Karlsson },
    title = "Multiple Imputation of Missing Covariates in NONMEM and Evaluation of the Method’s Sensitivity to $\eta$-Shrinkage",
    journal = "AAPS J. 2013 Oct; 15(4): 1035–1042",
    year = "2013"
}

@article{
    Johansson2,
    author = "Å. Johansson and M. O. Karlsson",
    title = "Comparison of methods for handling missing covariate data",
    journal = "AAPS J. 2013 Oct; 15(4): 1232–1241",
    year = "2013",
} 

@article{
    Chayan,
    author = { Chayan Acharya and Andrew C. Hooker and Siv Jönsson and Mats O. Karlsson },
    title = "A diagnostic tool for population models using non-compartmental analysis: The nca functionality in {R}",
    year = "2014",
    journal = "PAGE abstract 3103",
    howpublished = "www.page-meeting.org/?abstract=3103"
}

@article{
    Baverel,
    author = { Paul G. Baverel and Radojka M. Savic and Mats O. Karlsson },
    title = "Two bootstrapping routines for obtaining imprecision estimates for nonparametric parameter distributions in nonlinear mixed effects models",
    journal = "J Pharmacokinet Pharmacodyn",
    year = "2010"
}

@article{
    Hennig,
    author = { Hennig S and Karlsson MO },
    title = "Concordance between criteria for covariate model building",
    journal = "J Pharmacokinet. Pharmacodyn. 41(2):109-25",
    year = "2014"
}

@article{
    Wahlby,
    author = { U. Wählby and E. N. Jonsson and M. O. Karlsson },
    title = "Assessment of Actual Significance levels for Covariate Effects in {NONMEM}",
    journal = "J PKPD 28(3):231-252",
}

@article{
    Deng,
    author = { C. Deng and E. L. Plan and M. O. Karlsson },
    title = "Influence of clinical trial design to detect drug effect in systems with within subject variability",
    journal = "PAGE 24 (2015) Abstr 3549",
    year = "2015",
    howpublished = "www.page-meeting.org/?abstract=3549"
}

@article{
    Comets,
    author = { E. Comets and K. Brendel and F. Mentré },
    title = "Computing normalised prediction distribution errors to evaluate nonlinear mixed-effect models: The npde add-on package for {R}",
    journal = "CMPB 90 (2008) 154–166",
    year = "2008",
}

@article{
    Keizer,
    author = { R. Keizer and K. Harling and M. O. Karlsson },
    title = "Extended NPDE diagnostics for the between-subject variability and residual error model",
    journal = "PAGE 21 (2012) Abstr 2538",
    year = "2012",
    howpublished = "www.page-meeting.org/?abstract=2538"
}

@article{
    Largajolli,
    author = "A. Largajolli and S. Jönsson and M. O. Karlsson",
    title = "The {OFVPPC}: A simulation objective function based diagnostic",
    journal = "PAGE 23 (2014) Abstr 3208",
    year = "2014",
    howpublished = "www.page-meeting.org/?abstract=3208"
}

@article{
    Dosne2013,
    author = "A. G. Dosne and M. Bergstrand and M. O. Karlsson",
    title = "Application of Sampling Importance Resampling to estimate parameter uncertainty distributions",
    journal = "PAGE 22 (2013) Abstr 2907",
    year = "2013",
    howpublished = "www.page-meeting.org/?abstract=2907"
}

@article{
    Dosne2015,
    author = "A. G. Dosne and M. Bergstrand and M. O. Karlsson",
    title = "Determination of Appropriate Settings in the Assessment of Parameter Uncertainty Distributions using Sampling Importance Resampling ({SIR})",
    journal = "PAGE 24 (2015) Abstr 3546",
    year = "2015",
    howpublished = "www.page-meeting.org/?abstract=3546"
}

@article{
    direct,
    author = { D. R. Jones and C. D. Perttunen and B. E. Stuckman },
    title = "Lipschitzian optimization without the Lipschitz constant",
    journal = "Journal of Optimization Theory and Application: 79:1",
    year = "1993"
}

@article{
    Bergstrand,
    author = { Bergstrand M and Hooker AC and Wallin JE and Karlsson MO },
    title = "Prediction-Corrected Visual Predictive Checks for Diagnosing Nonlinear Mixed-Effects Models",
    journal = "AAPS J. 2011 Feb 8.",
    year = "2011",
}

@article{
    Sonehag,
    author = { Christian Sonehag and Niklas Olofsson and Rasmus Simander },
    title = "Automatic binning in visual predictive checks",
    journal = "Undergraduate project",
    year = "2012",
    howpublished = "http://www.it.uu.se/edu/course/homepage/projektTDB/ht11/project4/Report\_ht11\_04.pdf"
}

@article{
    Calinski,
    author = {Calinski, R. B. and Harabasz, J. },
    title = "A dendrite method for cluster analysis",
    journal = "Communications in Statistics, 3, 1-27",
    year = "1974"
}

@article{
    Lavielle,
    author = { M. Lavielle and K. Bleakley },
    title = "Automatic data binning for improved visual diagnosis of pharmacometric models",
    year = "2011"
}

@article{
    BQL,
    author = { Bergstrand, M. et al. },
    journal = "AAPS J, 2009. 11(2): p. 371-380",
    year = "2009"
}

@article{
    GaussianKernel,
    author = { Silverman, B.W. },
    title = "Density Estimation for Statistics and Data Analysis",
    year = "1998"
}

@article{
    KMeans,
    author = { J.B. MacQueen },
    title = "Some methods for classification and analysis of multivariate observations",
    journal = "Proceedings of 5th Berkeley Symposium on Mathematical Statistics and Probability, pages 281-297, University of California Press",
    year = "1967"
}

@article{
    Milligan,
    author = { G. Milligan and M. Cooper },
    title = "An examination of procedures for determining the number of clusters in a data set",
    journal = "Psychometrika-vol. 50, no 2, 159-179. June 1985",
}

@article{
    Yan,
    author = { M. Yan },
    title = "Methods of Determining the Number of Clusters in a Data Set and a New Clustering Criterion",
    year = "November 2005"
}

@article{
    Aoki,
    author = { Yasunori Aoki and Rikard Nordgren and Andrew C. Hooker },
    title = "Preconditioning of Nonlinear Mixed Models for Stabilisation of Variance-Covariance Matrix Computations",
    journal = "The AAPS Journal",
    year = "2016",
}

@article{
    Terranova,
    author = { Nadia Terranova and Marc Lavielle and Mike K. Smith and Emmanuelle Comets and Kajsa Harling and Rikard Nordgren and Andrew C. Hooker and France Mentre and Maciej J. Swat },
    title = "Standardized Output: flexible and tool-independent storage format of typical M\&S results",
    journal = "PAGE 24 (2015) Abstr 3599",
    year = "2015"
}
